<record><leader>00000cas a22000007a 4500</leader><controlfield tag="001">11912443</controlfield><controlfield tag="008">850412c19549999inuwr ne      0    0eng d</controlfield><datafield ind1=" " ind2=" " tag="010"><subfield code="a">sn 85047769 </subfield></datafield><datafield ind1=" " ind2=" " tag="040"><subfield code="a">NPI</subfield><subfield code="b">eng</subfield><subfield code="c">NPI</subfield><subfield code="d">OCLCQ</subfield></datafield><datafield ind1=" " ind2=" " tag="042"><subfield code="a">msc</subfield></datafield><datafield ind1="0" ind2="4" tag="245"><subfield code="a">The North Vernon plain dealer.</subfield></datafield><datafield ind1="1" ind2="3" tag="246"><subfield code="a">North Vernon (Indiana) plain dealer</subfield></datafield><datafield ind1=" " ind2=" " tag="260"><subfield code="a">North Vernon, Ind. :</subfield><subfield code="b">Viola T. King,</subfield><subfield code="c">1954-</subfield></datafield><datafield ind1=" " ind2=" " tag="300"><subfield code="a">v. :</subfield><subfield code="b">ill. ;</subfield><subfield code="c">58 cm.</subfield></datafield><datafield ind1=" " ind2=" " tag="310"><subfield code="a">Weekly</subfield></datafield><datafield ind1="0" ind2=" " tag="362"><subfield code="a">Vol. 92, no. 25 (Sept. 9, 1954)-</subfield></datafield><datafield ind1=" " ind2=" " tag="500"><subfield code="a">From Sept. 9, 1954 through Dec. 9, 1954, the masthead included the word Indiana in parentheses following North Vernon.</subfield></datafield><datafield ind1=" " ind2=" " tag="500"><subfield code="a">Publisher: 1954-1982, Burlin B. King.</subfield></datafield><datafield ind1=" " ind2=" " tag="752"><subfield code="a">United States</subfield><subfield code="b">Indiana</subfield><subfield code="c">Jennings</subfield><subfield code="d">North Vernon.</subfield></datafield><datafield ind1="0" ind2="0" tag="780"><subfield code="t">Plain dealer, Republican, news</subfield><subfield code="w">(DLC)sn 85047768</subfield></datafield></record>